# https://dialnet.unirioja.es/servlet/articulo?codigo=6888651
# https://www.redalyc.org/journal/849/84961238010/html/
@book{test,
    author = "Stridslysten, Lincunia",
    title = "A book that doesn't exist",
    year = "2020",
    publisher = "Locomia"
}
